@article{hirep,
  title = {Higher representations on the lattice: Numerical simulations, SU(2) with adjoint fermions},
  author = {Del Debbio, Luigi and Patella, Agostino and Pica, Claudio},
  journal = {Phys. Rev. D},
  volume = {81},
  issue = {9},
  pages = {094503},
  numpages = {16},
  year = {2010},
  month = {May},
  publisher = {American Physical Society},
  doi = {10.1103/PhysRevD.81.094503},
  url = {https://link.aps.org/doi/10.1103/PhysRevD.81.094503}
}

@article{Foley_2005,
	doi = {10.1016/j.cpc.2005.06.008},
	url = {https://doi.org/10.1016%2Fj.cpc.2005.06.008},
	year = 2005,
	month = {nov},
	publisher = {Elsevier BV},
	volume = {172},
	number = {3},
	pages = {145--162},
	author = {Justin Foley and K. Jimmy Juge and Alan \'O Cais and Mike Peardon and Sin\'e ad M. Ryan and Jon-Ivar Skullerud},
	title = {Practical all-to-all propagators for lattice QCD},
	journal = {Computer Physics Communications}
}

@article{McNeile_2001,
	doi = {10.1103/physrevd.63.114503},
	url = {https://doi.org/10.1103%2Fphysrevd.63.114503},
	year = 2001,
	month = {may},
	publisher = {American Physical Society (APS)},
	volume = {63},
	number = {11},
	author = {C. McNeile and C. Michael},
	title = {Mixing of scalar glueballs and flavor-singlet scalar mesons},
	journal = {Physical Review D}
}

@article{Foster_1999,
	doi = {10.1103/physrevd.59.074503},
	url = {https://doi.org/10.1103%2Fphysrevd.59.074503},
	year = 1999,
	month = {feb},
	publisher = {American Physical Society (APS)},
	volume = {59},
	number = {7},
	author = {M. Foster and C. Michael},
	title = {Quark mass dependence of hadron masses from lattice QCD},
	journal = {Physical Review D}
}

@article{Hart_2006,
	doi = {10.1103/physrevd.74.114504},
	url = {https://doi.org/10.1103%2Fphysrevd.74.114504},
	year = 2006,
	month = {dec},
	publisher = {American Physical Society (APS)},
	volume = {74},
	number = {11},
	author = {A. Hart and C. McNeile and C. Michael and J. Pickavance},
	title = {Lattice study of the masses of singlet 0++ mesons},
	journal = {Physical Review D}
}

@article{Luscher:1996sc,
    author = "Luscher, Martin and Sint, Stefan and Sommer, Rainer and Weisz, Peter",
    title = "{Chiral symmetry and O(a) improvement in lattice QCD}",
    eprint = "hep-lat/9605038",
    archivePrefix = "arXiv",
    reportNumber = "DESY-96-086, CERN-TH-96-138, MPI-PHT-96-38",
    doi = "10.1016/0550-3213(96)00378-1",
    journal = "Nucl. Phys. B",
    volume = "478",
    pages = "365--400",
    year = "1996"
}

@article{Donini:1996nr,
    author = "Donini, A. and Guagnelli, M.",
    title = "{Hybrid molecular dynamics for lattice supersymmetry}",
    eprint = "hep-lat/9605010",
    archivePrefix = "arXiv",
    reportNumber = "CERN-TH-96-122, ROME1-96-1147",
    doi = "10.1016/0370-2693(96)00764-2",
    journal = "Phys. Lett. B",
    volume = "383",
    pages = "301--306",
    year = "1996"
}

@article{Clark:2005sq,
    author = "Clark, M. A. and de Forcrand, Ph. and Kennedy, A. D.",
    editor = "Michael, Christopher",
    title = "{Algorithm shootout: R versus RHMC}",
    eprint = "hep-lat/0510004",
    archivePrefix = "arXiv",
    doi = "10.22323/1.020.0115",
    journal = "PoS",
    volume = "LAT2005",
    pages = "115",
    year = "2006"
}

@article{Morningstar:2003gk,
    author = "Morningstar, Colin and Peardon, Mike J.",
    title = "{Analytic smearing of SU(3) link variables in lattice QCD}",
    eprint = "hep-lat/0311018",
    archivePrefix = "arXiv",
    doi = "10.1103/PhysRevD.69.054501",
    journal = "Phys. Rev. D",
    volume = "69",
    pages = "054501",
    year = "2004"
}
